@book{DURBIN_BOOK, 
	  title={Statistical theory and modeling for turbulent flows},
	    author={Durbin, Paul A and Reif, BA Pettersson},
	      year={2011},
	        publisher={John Wiley \& Sons}
}


@article{lien1996non,
	  title={Non-linear k--v2 modelling with application to high-lift},
	    author={Lien, FS and Durbin, PA},
	      journal={Proceedings of the Summer Program Centre for Turbulence Research. Stanford University},
	        pages={5--22},
		  year={1996},
		    publisher={Citeseer}
}  


@book{pope,
	  title={Turbulent flows},
	    author={Pope, Stephen B},
	      year={2001},
	        publisher={IOP Publishing}
}

@article{todd,
	author={Todd}
	}

@article{v2f,
	  title={Separated flow computations with the k-epsilon-v-squared model},
	    author={Durbin, PA},
	      journal={AIAA journal},
	        volume={33},
		  number={4},
		    pages={659--664},
		      year={1995}
}

@phdthesis{thesis,
	  title={Anisotropic hybrid turbulence modeling with specific application to the simulation of pulse-actuated dynamic stall control},
	    author={Haering, Sigfried William and others},
	      year={2015}
}
